<?xml version="1.0" encoding="UTF-8"?><collection xmlns="http://www.loc.gov/MARC21/slim"><record><leader>00421nam--2200145-i-4500</leader><controlfield tag="001">000011096</controlfield><controlfield tag="002">20161230</controlfield><controlfield tag="005">20170206151955</controlfield><controlfield tag="008">060222s1000------------r-----000-0-eng-d</controlfield><datafield ind1=" " ind2=" " tag="080"><subfield code="a">530.145(042+047.1):539.2(042+047.1)</subfield></datafield><datafield ind1=" " ind2=" " tag="245"><subfield code="a">Equation of state at ultra high densities. Lectures given by Canuto, V</subfield></datafield><datafield ind1=" " ind2=" " tag="260"><subfield code="a">Copenhagen</subfield><subfield code="b">Nordita</subfield><subfield code="c">1973-1974</subfield></datafield><datafield ind1=" " ind2=" " tag="700"><subfield code="a">Canuto, V</subfield></datafield><datafield ind1=" " ind2=" " tag="852"><subfield code="a">26902</subfield></datafield><datafield ind1=" " ind2=" " tag="CAT"><subfield code="a">SYS</subfield><subfield code="c">20170206</subfield><subfield code="h">151955</subfield></datafield></record></collection>